%YAML 1.1
%TAG !u! tag:unity3d.com,2011:
--- !u!29 &1
SceneSettings:
  m_ObjectHideFlags: 0
  m_PVSData: 
  m_PVSObjectsArray: []
  m_PVSPortalsArray: []
  m_OcclusionBakeSettings:
    smallestOccluder: 5
    smallestHole: .25
    backfaceThreshold: 100
--- !u!104 &2
RenderSettings:
  m_Fog: 0
  m_FogColor: {r: .5, g: .5, b: .5, a: 1}
  m_FogMode: 3
  m_FogDensity: .00999999978
  m_LinearFogStart: 0
  m_LinearFogEnd: 300
  m_AmbientLight: {r: .200000003, g: .200000003, b: .200000003, a: 1}
  m_SkyboxMaterial: {fileID: 0}
  m_HaloStrength: .5
  m_FlareStrength: 1
  m_FlareFadeSpeed: 3
  m_HaloTexture: {fileID: 0}
  m_SpotCookie: {fileID: 0}
  m_ObjectHideFlags: 0
--- !u!127 &3
LevelGameManager:
  m_ObjectHideFlags: 0
--- !u!157 &4
LightmapSettings:
  m_ObjectHideFlags: 0
  m_LightProbes: {fileID: 0}
  m_Lightmaps: []
  m_LightmapsMode: 1
  m_BakedColorSpace: 0
  m_UseDualLightmapsInForward: 0
  m_LightmapEditorSettings:
    m_Resolution: 50
    m_LastUsedResolution: 0
    m_TextureWidth: 1024
    m_TextureHeight: 1024
    m_BounceBoost: 1
    m_BounceIntensity: 1
    m_SkyLightColor: {r: .860000014, g: .930000007, b: 1, a: 1}
    m_SkyLightIntensity: 0
    m_Quality: 0
    m_Bounces: 1
    m_FinalGatherRays: 1000
    m_FinalGatherContrastThreshold: .0500000007
    m_FinalGatherGradientThreshold: 0
    m_FinalGatherInterpolationPoints: 15
    m_AOAmount: 0
    m_AOMaxDistance: .100000001
    m_AOContrast: 1
    m_LODSurfaceMappingDistance: 1
    m_Padding: 0
    m_TextureCompression: 0
    m_LockAtlas: 0
--- !u!196 &5
NavMeshSettings:
  m_ObjectHideFlags: 0
  m_BuildSettings:
    agentRadius: .5
    agentHeight: 2
    agentSlope: 45
    agentClimb: .400000006
    ledgeDropHeight: 0
    maxJumpAcrossDistance: 0
    accuratePlacement: 0
    minRegionArea: 2
    widthInaccuracy: 16.666666
    heightInaccuracy: 10
  m_NavMesh: {fileID: 0}
--- !u!1 &543253153
GameObject:
  m_ObjectHideFlags: 0
  m_PrefabParentObject: {fileID: 100000, guid: da0a9363d6a25bc46a3d62d008ee77c7, type: 2}
  m_PrefabInternal: {fileID: 1331028272}
  serializedVersion: 4
  m_Component:
  - 4: {fileID: 543253155}
  - 114: {fileID: 543253154}
  m_Layer: 0
  m_Name: LevelDataRepository
  m_TagString: LevelDataRepository
  m_Icon: {fileID: 0}
  m_NavMeshLayer: 0
  m_StaticEditorFlags: 0
  m_IsActive: 1
--- !u!114 &543253154
MonoBehaviour:
  m_ObjectHideFlags: 0
  m_PrefabParentObject: {fileID: 11400000, guid: da0a9363d6a25bc46a3d62d008ee77c7,
    type: 2}
  m_PrefabInternal: {fileID: 1331028272}
  m_GameObject: {fileID: 543253153}
  m_Enabled: 1
  m_EditorHideFlags: 0
  m_Script: {fileID: 11500000, guid: 04f367bfb8eb64540a6abc947a0c6467, type: 3}
  m_Name: 
  m_EditorClassIdentifier: 
  spriteRoot: {fileID: 1679008039}
  instrument01ClipNames:
  - Audio/New/3/Bridge
  - Audio/New/3/Chorus
  - Audio/New/3/Verse
  - Audio/New/3/Chorus
  instrument02ClipNames:
  - 
  - 
  - 
  - 
  instrument03ClipNames:
  - Audio/New/3/Bridge Hits
  - 
  - 
  - Audio/New/3/Chorus Hits
  instrument04ClipNames:
  - 
  - 
  - 
  backroundTexPrefix: 
  backroundTexSuffix: 
  backGroundTexCount: 0
  backgroundTexNumber: 16
  blendTexPrefix: Backgrounds/Stretched Versions/Layer 4/layer04_
  blendTexSuffix: _1024x1024
  blendTexCount: 16
  backgroundTextures: []
  blendTextures: []
  asyncLoad: 1
--- !u!4 &543253155
Transform:
  m_ObjectHideFlags: 0
  m_PrefabParentObject: {fileID: 400000, guid: da0a9363d6a25bc46a3d62d008ee77c7, type: 2}
  m_PrefabInternal: {fileID: 1331028272}
  m_GameObject: {fileID: 543253153}
  m_LocalRotation: {x: 0, y: 0, z: 0, w: 1}
  m_LocalPosition: {x: 0, y: 0, z: 0}
  m_LocalScale: {x: 1, y: 1, z: 1}
  m_Children: []
  m_Father: {fileID: 0}
  m_RootOrder: 1
--- !u!1001 &1331028272
Prefab:
  m_ObjectHideFlags: 0
  serializedVersion: 2
  m_Modification:
    m_TransformParent: {fileID: 0}
    m_Modifications:
    - target: {fileID: 11400000, guid: da0a9363d6a25bc46a3d62d008ee77c7, type: 2}
      propertyPath: instrument01ClipNames.Array.size
      value: 4
      objectReference: {fileID: 0}
    - target: {fileID: 11400000, guid: da0a9363d6a25bc46a3d62d008ee77c7, type: 2}
      propertyPath: instrument02ClipNames.Array.size
      value: 4
      objectReference: {fileID: 0}
    - target: {fileID: 11400000, guid: da0a9363d6a25bc46a3d62d008ee77c7, type: 2}
      propertyPath: instrument03ClipNames.Array.size
      value: 4
      objectReference: {fileID: 0}
    - target: {fileID: 400000, guid: da0a9363d6a25bc46a3d62d008ee77c7, type: 2}
      propertyPath: m_LocalPosition.x
      value: 0
      objectReference: {fileID: 0}
    - target: {fileID: 400000, guid: da0a9363d6a25bc46a3d62d008ee77c7, type: 2}
      propertyPath: m_LocalPosition.y
      value: 0
      objectReference: {fileID: 0}
    - target: {fileID: 400000, guid: da0a9363d6a25bc46a3d62d008ee77c7, type: 2}
      propertyPath: m_LocalPosition.z
      value: 0
      objectReference: {fileID: 0}
    - target: {fileID: 400000, guid: da0a9363d6a25bc46a3d62d008ee77c7, type: 2}
      propertyPath: m_LocalRotation.x
      value: 0
      objectReference: {fileID: 0}
    - target: {fileID: 400000, guid: da0a9363d6a25bc46a3d62d008ee77c7, type: 2}
      propertyPath: m_LocalRotation.y
      value: 0
      objectReference: {fileID: 0}
    - target: {fileID: 400000, guid: da0a9363d6a25bc46a3d62d008ee77c7, type: 2}
      propertyPath: m_LocalRotation.z
      value: 0
      objectReference: {fileID: 0}
    - target: {fileID: 400000, guid: da0a9363d6a25bc46a3d62d008ee77c7, type: 2}
      propertyPath: m_LocalRotation.w
      value: 1
      objectReference: {fileID: 0}
    - target: {fileID: 11400000, guid: da0a9363d6a25bc46a3d62d008ee77c7, type: 2}
      propertyPath: spriteRoot
      value: 
      objectReference: {fileID: 1679008039}
    - target: {fileID: 400000, guid: da0a9363d6a25bc46a3d62d008ee77c7, type: 2}
      propertyPath: m_RootOrder
      value: 1
      objectReference: {fileID: 0}
    - target: {fileID: 11400000, guid: da0a9363d6a25bc46a3d62d008ee77c7, type: 2}
      propertyPath: instrument01ClipNames.Array.data[3]
      value: Audio/New/3/Chorus
      objectReference: {fileID: 0}
    - target: {fileID: 11400000, guid: da0a9363d6a25bc46a3d62d008ee77c7, type: 2}
      propertyPath: instrument01ClipNames.Array.data[0]
      value: Audio/New/3/Bridge
      objectReference: {fileID: 0}
    - target: {fileID: 11400000, guid: da0a9363d6a25bc46a3d62d008ee77c7, type: 2}
      propertyPath: instrument01ClipNames.Array.data[1]
      value: Audio/New/3/Chorus
      objectReference: {fileID: 0}
    - target: {fileID: 11400000, guid: da0a9363d6a25bc46a3d62d008ee77c7, type: 2}
      propertyPath: instrument02ClipNames.Array.data[0]
      value: 
      objectReference: {fileID: 0}
    - target: {fileID: 11400000, guid: da0a9363d6a25bc46a3d62d008ee77c7, type: 2}
      propertyPath: instrument02ClipNames.Array.data[1]
      value: 
      objectReference: {fileID: 0}
    - target: {fileID: 11400000, guid: da0a9363d6a25bc46a3d62d008ee77c7, type: 2}
      propertyPath: instrument02ClipNames.Array.data[3]
      value: 
      objectReference: {fileID: 0}
    - target: {fileID: 11400000, guid: da0a9363d6a25bc46a3d62d008ee77c7, type: 2}
      propertyPath: instrument01ClipNames.Array.data[2]
      value: Audio/New/3/Verse
      objectReference: {fileID: 0}
    - target: {fileID: 11400000, guid: da0a9363d6a25bc46a3d62d008ee77c7, type: 2}
      propertyPath: instrument02ClipNames.Array.data[2]
      value: 
      objectReference: {fileID: 0}
    - target: {fileID: 11400000, guid: da0a9363d6a25bc46a3d62d008ee77c7, type: 2}
      propertyPath: instrument03ClipNames.Array.data[0]
      value: Audio/New/3/Bridge Hits
      objectReference: {fileID: 0}
    - target: {fileID: 11400000, guid: da0a9363d6a25bc46a3d62d008ee77c7, type: 2}
      propertyPath: instrument03ClipNames.Array.data[1]
      value: 
      objectReference: {fileID: 0}
    - target: {fileID: 11400000, guid: da0a9363d6a25bc46a3d62d008ee77c7, type: 2}
      propertyPath: instrument03ClipNames.Array.data[3]
      value: Audio/New/3/Chorus Hits
      objectReference: {fileID: 0}
    m_RemovedComponents: []
  m_ParentPrefab: {fileID: 100100000, guid: da0a9363d6a25bc46a3d62d008ee77c7, type: 2}
  m_RootGameObject: {fileID: 543253153}
  m_IsPrefabParent: 0
  m_IsExploded: 1
--- !u!1 &1679008039
GameObject:
  m_ObjectHideFlags: 0
  m_PrefabParentObject: {fileID: 0}
  m_PrefabInternal: {fileID: 0}
  serializedVersion: 4
  m_Component:
  - 4: {fileID: 1679008040}
  m_Layer: 9
  m_Name: Level3_SpriteRoot
  m_TagString: Untagged
  m_Icon: {fileID: 0}
  m_NavMeshLayer: 0
  m_StaticEditorFlags: 0
  m_IsActive: 0
--- !u!4 &1679008040
Transform:
  m_ObjectHideFlags: 0
  m_PrefabParentObject: {fileID: 0}
  m_PrefabInternal: {fileID: 0}
  m_GameObject: {fileID: 1679008039}
  m_LocalRotation: {x: 0, y: 0, z: 0, w: 1}
  m_LocalPosition: {x: 0, y: 0, z: 0}
  m_LocalScale: {x: .00130208302, y: .00130208302, z: .00130208302}
  m_Children: []
  m_Father: {fileID: 0}
  m_RootOrder: 0
