%YAML 1.1
%TAG !u! tag:unity3d.com,2011:
--- !u!29 &1
SceneSettings:
  m_ObjectHideFlags: 0
  m_PVSData: 
  m_PVSObjectsArray: []
  m_PVSPortalsArray: []
  m_OcclusionBakeSettings:
    smallestOccluder: 5
    smallestHole: .25
    backfaceThreshold: 100
--- !u!104 &2
RenderSettings:
  m_Fog: 0
  m_FogColor: {r: .5, g: .5, b: .5, a: 1}
  m_FogMode: 3
  m_FogDensity: .00999999978
  m_LinearFogStart: 0
  m_LinearFogEnd: 300
  m_AmbientLight: {r: .200000003, g: .200000003, b: .200000003, a: 1}
  m_SkyboxMaterial: {fileID: 0}
  m_HaloStrength: .5
  m_FlareStrength: 1
  m_FlareFadeSpeed: 3
  m_HaloTexture: {fileID: 0}
  m_SpotCookie: {fileID: 0}
  m_ObjectHideFlags: 0
--- !u!127 &3
LevelGameManager:
  m_ObjectHideFlags: 0
--- !u!157 &4
LightmapSettings:
  m_ObjectHideFlags: 0
  m_LightProbes: {fileID: 0}
  m_Lightmaps: []
  m_LightmapsMode: 1
  m_BakedColorSpace: 0
  m_UseDualLightmapsInForward: 0
  m_LightmapEditorSettings:
    m_Resolution: 50
    m_LastUsedResolution: 0
    m_TextureWidth: 1024
    m_TextureHeight: 1024
    m_BounceBoost: 1
    m_BounceIntensity: 1
    m_SkyLightColor: {r: .860000014, g: .930000007, b: 1, a: 1}
    m_SkyLightIntensity: 0
    m_Quality: 0
    m_Bounces: 1
    m_FinalGatherRays: 1000
    m_FinalGatherContrastThreshold: .0500000007
    m_FinalGatherGradientThreshold: 0
    m_FinalGatherInterpolationPoints: 15
    m_AOAmount: 0
    m_AOMaxDistance: .100000001
    m_AOContrast: 1
    m_LODSurfaceMappingDistance: 1
    m_Padding: 0
    m_TextureCompression: 0
    m_LockAtlas: 0
--- !u!196 &5
NavMeshSettings:
  m_ObjectHideFlags: 0
  m_BuildSettings:
    agentRadius: .5
    agentHeight: 2
    agentSlope: 45
    agentClimb: .400000006
    ledgeDropHeight: 0
    maxJumpAcrossDistance: 0
    accuratePlacement: 0
    minRegionArea: 2
    widthInaccuracy: 16.666666
    heightInaccuracy: 10
  m_NavMesh: {fileID: 0}
--- !u!1 &14948348
GameObject:
  m_ObjectHideFlags: 0
  m_PrefabParentObject: {fileID: 100002, guid: 7c3a28b051e872b448d4808cfcf9199c, type: 2}
  m_PrefabInternal: {fileID: 0}
  serializedVersion: 4
  m_Component:
  - 4: {fileID: 14948349}
  - 114: {fileID: 14948354}
  - 114: {fileID: 14948353}
  - 65: {fileID: 14948352}
  - 114: {fileID: 14948350}
  - 114: {fileID: 14948351}
  - 114: {fileID: 14948355}
  - 114: {fileID: 14948356}
  m_Layer: 8
  m_Name: soundButton
  m_TagString: Untagged
  m_Icon: {fileID: 0}
  m_NavMeshLayer: 0
  m_StaticEditorFlags: 0
  m_IsActive: 1
--- !u!4 &14948349
Transform:
  m_ObjectHideFlags: 0
  m_PrefabParentObject: {fileID: 400002, guid: 7c3a28b051e872b448d4808cfcf9199c, type: 2}
  m_PrefabInternal: {fileID: 0}
  m_GameObject: {fileID: 14948348}
  m_LocalRotation: {x: 0, y: 0, z: 0, w: 1}
  m_LocalPosition: {x: -234, y: -377, z: 0}
  m_LocalScale: {x: 1, y: 1, z: 1}
  m_Children: []
  m_Father: {fileID: 1415711492}
  m_RootOrder: 3
--- !u!114 &14948350
MonoBehaviour:
  m_ObjectHideFlags: 0
  m_PrefabParentObject: {fileID: 0}
  m_PrefabInternal: {fileID: 0}
  m_GameObject: {fileID: 14948348}
  m_Enabled: 1
  m_EditorHideFlags: 0
  m_Script: {fileID: 11500000, guid: df9bfb5c080dac24cbbc6c9f595ed413, type: 3}
  m_Name: 
  m_EditorClassIdentifier: 
  mFPS: 18
  mPrefix: Sound_
  mLoop: 0
--- !u!114 &14948351
MonoBehaviour:
  m_ObjectHideFlags: 0
  m_PrefabParentObject: {fileID: 0}
  m_PrefabInternal: {fileID: 0}
  m_GameObject: {fileID: 14948348}
  m_Enabled: 1
  m_EditorHideFlags: 0
  m_Script: {fileID: 11500000, guid: 5b4274900993d014785404a00429787c, type: 3}
  m_Name: 
  m_EditorClassIdentifier: 
  easeType: 6
  fadeTime: .5
--- !u!65 &14948352
BoxCollider:
  m_ObjectHideFlags: 0
  m_PrefabParentObject: {fileID: 6500000, guid: 7c3a28b051e872b448d4808cfcf9199c,
    type: 2}
  m_PrefabInternal: {fileID: 0}
  m_GameObject: {fileID: 14948348}
  m_Material: {fileID: 0}
  m_IsTrigger: 1
  m_Enabled: 1
  serializedVersion: 2
  m_Size: {x: 1280, y: 479.502594, z: 0}
  m_Center: {x: -640, y: -1.248703, z: 0}
--- !u!114 &14948353
MonoBehaviour:
  m_ObjectHideFlags: 0
  m_PrefabParentObject: {fileID: 11400000, guid: 7c3a28b051e872b448d4808cfcf9199c,
    type: 2}
  m_PrefabInternal: {fileID: 0}
  m_GameObject: {fileID: 14948348}
  m_Enabled: 1
  m_EditorHideFlags: 0
  m_Script: {fileID: 11500000, guid: 1fdca5042b1d12a4890ec1bd4f04290d, type: 3}
  m_Name: 
  m_EditorClassIdentifier: 
  tweenTarget: {fileID: 14948348}
  hover: {r: 1, g: 1, b: 1, a: 1}
  pressed: {r: .996078432, g: .996078432, b: .996078432, a: 1}
  disabledColor: {r: .992156863, g: .992156863, b: .992156863, a: 1}
  duration: .200000003
  dragHighlight: 0
  hoverSprite: SoundUp
  pressedSprite: SoundDown
  disabledSprite: SoundUp
  pixelSnap: 0
  onClick:
  - mTarget: {fileID: 14948351}
    mMethodName: ToggleMute
    mParameters: []
    oneShot: 0
--- !u!114 &14948354
MonoBehaviour:
  m_ObjectHideFlags: 0
  m_PrefabParentObject: {fileID: 11400004, guid: 7c3a28b051e872b448d4808cfcf9199c,
    type: 2}
  m_PrefabInternal: {fileID: 0}
  m_GameObject: {fileID: 14948348}
  m_Enabled: 1
  m_EditorHideFlags: 0
  m_Script: {fileID: 11500000, guid: 1b3dc54f924693f41b5cbecb267e647a, type: 3}
  m_Name: 
  m_EditorClassIdentifier: 
  leftAnchor:
    target: {fileID: 0}
    relative: 0
    absolute: 0
  rightAnchor:
    target: {fileID: 0}
    relative: 1
    absolute: 0
  bottomAnchor:
    target: {fileID: 0}
    relative: 0
    absolute: 0
  topAnchor:
    target: {fileID: 0}
    relative: 1
    absolute: 0
  updateAnchors: 1
  mColor: {r: 1, g: 1, b: 1, a: 1}
  mPivot: 5
  mWidth: 1280
  mHeight: 482
  mDepth: 4
  autoResizeBoxCollider: 1
  hideIfOffScreen: 0
  keepAspectRatio: 0
  aspectRatio: 2.65560174
  mAtlas: {fileID: 11400000, guid: 92264bb724dad7a44b68873c36a1db2d, type: 2}
  mSpriteName: SoundUp
  mType: 0
  mFillDirection: 4
  mFillAmount: 1
  mInvert: 0
  mFlip: 0
  mFillCenter: 1
  centerType: 1
  leftType: 1
  rightType: 1
  bottomType: 1
  topType: 1
--- !u!114 &14948355
MonoBehaviour:
  m_ObjectHideFlags: 0
  m_PrefabParentObject: {fileID: 0}
  m_PrefabInternal: {fileID: 0}
  m_GameObject: {fileID: 14948348}
  m_Enabled: 1
  m_EditorHideFlags: 0
  m_Script: {fileID: 11500000, guid: 7d44bc69c2ca5f943b845318866dc1bd, type: 3}
  m_Name: 
  m_EditorClassIdentifier: 
  audioClip: {fileID: 8300000, guid: 62ad2ebf73fc34e54a29e1d9131cfac4, type: 3}
  trigger: 0
  volume: 1
  pitch: 1
--- !u!114 &14948356
MonoBehaviour:
  m_ObjectHideFlags: 0
  m_PrefabParentObject: {fileID: 0}
  m_PrefabInternal: {fileID: 0}
  m_GameObject: {fileID: 14948348}
  m_Enabled: 1
  m_EditorHideFlags: 0
  m_Script: {fileID: 11500000, guid: f3954b03e32c46246b999ca23dc9dc66, type: 3}
  m_Name: 
  m_EditorClassIdentifier: 
  muteAtlas: {fileID: 11400000, guid: 90ac513641df0a24ab212c261f25706c, type: 2}
  unMuteAtlas: {fileID: 11400000, guid: 92264bb724dad7a44b68873c36a1db2d, type: 2}
  canPause: 0
--- !u!1 &281246570
GameObject:
  m_ObjectHideFlags: 0
  m_PrefabParentObject: {fileID: 100002, guid: 7c3a28b051e872b448d4808cfcf9199c, type: 2}
  m_PrefabInternal: {fileID: 0}
  serializedVersion: 4
  m_Component:
  - 4: {fileID: 281246571}
  - 114: {fileID: 281246576}
  - 114: {fileID: 281246575}
  - 65: {fileID: 281246574}
  - 114: {fileID: 281246573}
  - 114: {fileID: 281246572}
  - 114: {fileID: 281246577}
  m_Layer: 8
  m_Name: aboutButton
  m_TagString: Untagged
  m_Icon: {fileID: 0}
  m_NavMeshLayer: 0
  m_StaticEditorFlags: 0
  m_IsActive: 1
--- !u!4 &281246571
Transform:
  m_ObjectHideFlags: 0
  m_PrefabParentObject: {fileID: 400002, guid: 7c3a28b051e872b448d4808cfcf9199c, type: 2}
  m_PrefabInternal: {fileID: 0}
  m_GameObject: {fileID: 281246570}
  m_LocalRotation: {x: 0, y: 0, z: 0, w: 1}
  m_LocalPosition: {x: -926, y: -32, z: 0}
  m_LocalScale: {x: 1, y: 1, z: 1}
  m_Children: []
  m_Father: {fileID: 1415711492}
  m_RootOrder: 2
--- !u!114 &281246572
MonoBehaviour:
  m_ObjectHideFlags: 0
  m_PrefabParentObject: {fileID: 0}
  m_PrefabInternal: {fileID: 0}
  m_GameObject: {fileID: 281246570}
  m_Enabled: 1
  m_EditorHideFlags: 0
  m_Script: {fileID: 11500000, guid: df9bfb5c080dac24cbbc6c9f595ed413, type: 3}
  m_Name: 
  m_EditorClassIdentifier: 
  mFPS: 18
  mPrefix: About
  mLoop: 0
--- !u!114 &281246573
MonoBehaviour:
  m_ObjectHideFlags: 0
  m_PrefabParentObject: {fileID: 0}
  m_PrefabInternal: {fileID: 0}
  m_GameObject: {fileID: 281246570}
  m_Enabled: 1
  m_EditorHideFlags: 0
  m_Script: {fileID: 11500000, guid: ae72899dac1d6504ab5275a05bfca343, type: 3}
  m_Name: 
  m_EditorClassIdentifier: 
  NextScene: 12About
  killAudio: 0
--- !u!65 &281246574
BoxCollider:
  m_ObjectHideFlags: 0
  m_PrefabParentObject: {fileID: 6500000, guid: 7c3a28b051e872b448d4808cfcf9199c,
    type: 2}
  m_PrefabInternal: {fileID: 0}
  m_GameObject: {fileID: 281246570}
  m_Material: {fileID: 0}
  m_IsTrigger: 1
  m_Enabled: 1
  serializedVersion: 2
  m_Size: {x: 1280, y: 420, z: 0}
  m_Center: {x: 0, y: 0, z: 0}
--- !u!114 &281246575
MonoBehaviour:
  m_ObjectHideFlags: 0
  m_PrefabParentObject: {fileID: 11400000, guid: 7c3a28b051e872b448d4808cfcf9199c,
    type: 2}
  m_PrefabInternal: {fileID: 0}
  m_GameObject: {fileID: 281246570}
  m_Enabled: 1
  m_EditorHideFlags: 0
  m_Script: {fileID: 11500000, guid: 1fdca5042b1d12a4890ec1bd4f04290d, type: 3}
  m_Name: 
  m_EditorClassIdentifier: 
  tweenTarget: {fileID: 281246570}
  hover: {r: 1, g: 1, b: 1, a: 1}
  pressed: {r: .996078432, g: .996078432, b: .996078432, a: 1}
  disabledColor: {r: .992156863, g: .992156863, b: .992156863, a: 1}
  duration: .200000003
  dragHighlight: 0
  hoverSprite: About_00012
  pressedSprite: Down_1
  disabledSprite: About_00012
  pixelSnap: 0
  onClick:
  - mTarget: {fileID: 281246573}
    mMethodName: OnSceneExit
    mParameters: []
    oneShot: 0
--- !u!114 &281246576
MonoBehaviour:
  m_ObjectHideFlags: 0
  m_PrefabParentObject: {fileID: 11400004, guid: 7c3a28b051e872b448d4808cfcf9199c,
    type: 2}
  m_PrefabInternal: {fileID: 0}
  m_GameObject: {fileID: 281246570}
  m_Enabled: 1
  m_EditorHideFlags: 0
  m_Script: {fileID: 11500000, guid: 1b3dc54f924693f41b5cbecb267e647a, type: 3}
  m_Name: 
  m_EditorClassIdentifier: 
  leftAnchor:
    target: {fileID: 0}
    relative: 0
    absolute: 0
  rightAnchor:
    target: {fileID: 0}
    relative: 1
    absolute: 0
  bottomAnchor:
    target: {fileID: 0}
    relative: 0
    absolute: 0
  topAnchor:
    target: {fileID: 0}
    relative: 1
    absolute: 0
  updateAnchors: 1
  mColor: {r: 1, g: 1, b: 1, a: 1}
  mPivot: 4
  mWidth: 1280
  mHeight: 420
  mDepth: 4
  autoResizeBoxCollider: 1
  hideIfOffScreen: 0
  keepAspectRatio: 0
  aspectRatio: 3.0476191
  mAtlas: {fileID: 11400000, guid: 8f511f0da5478be4b99eb6cfe2e65703, type: 2}
  mSpriteName: About_00012
  mType: 0
  mFillDirection: 4
  mFillAmount: 1
  mInvert: 0
  mFlip: 0
  mFillCenter: 1
  centerType: 1
  leftType: 1
  rightType: 1
  bottomType: 1
  topType: 1
--- !u!114 &281246577
MonoBehaviour:
  m_ObjectHideFlags: 0
  m_PrefabParentObject: {fileID: 0}
  m_PrefabInternal: {fileID: 0}
  m_GameObject: {fileID: 281246570}
  m_Enabled: 1
  m_EditorHideFlags: 0
  m_Script: {fileID: 11500000, guid: 7d44bc69c2ca5f943b845318866dc1bd, type: 3}
  m_Name: 
  m_EditorClassIdentifier: 
  audioClip: {fileID: 8300000, guid: 62ad2ebf73fc34e54a29e1d9131cfac4, type: 3}
  trigger: 0
  volume: 1
  pitch: 1
--- !u!1 &503223880
GameObject:
  m_ObjectHideFlags: 0
  m_PrefabParentObject: {fileID: 0}
  m_PrefabInternal: {fileID: 0}
  serializedVersion: 4
  m_Component:
  - 4: {fileID: 503223883}
  - 212: {fileID: 503223882}
  - 95: {fileID: 503223881}
  m_Layer: 9
  m_Name: Sprite_bird_0
  m_TagString: Untagged
  m_Icon: {fileID: 0}
  m_NavMeshLayer: 0
  m_StaticEditorFlags: 0
  m_IsActive: 1
--- !u!95 &503223881
Animator:
  serializedVersion: 3
  m_ObjectHideFlags: 0
  m_PrefabParentObject: {fileID: 0}
  m_PrefabInternal: {fileID: 0}
  m_GameObject: {fileID: 503223880}
  m_Enabled: 1
  m_Avatar: {fileID: 0}
  m_Controller: {fileID: 9100000, guid: 64228181d0b3d634bba7923f8ab265a6, type: 2}
  m_CullingMode: 0
  m_UpdateMode: 0
  m_ApplyRootMotion: 1
  m_HasTransformHierarchy: 1
  m_AllowConstantClipSamplingOptimization: 1
--- !u!212 &503223882
SpriteRenderer:
  m_ObjectHideFlags: 0
  m_PrefabParentObject: {fileID: 0}
  m_PrefabInternal: {fileID: 0}
  m_GameObject: {fileID: 503223880}
  m_Enabled: 1
  m_CastShadows: 0
  m_ReceiveShadows: 0
  m_LightmapIndex: 255
  m_LightmapTilingOffset: {x: 1, y: 1, z: 0, w: 0}
  m_Materials:
  - {fileID: 10754, guid: 0000000000000000e000000000000000, type: 0}
  m_SubsetIndices: 
  m_StaticBatchRoot: {fileID: 0}
  m_UseLightProbes: 0
  m_LightProbeAnchor: {fileID: 0}
  m_ScaleInLightmap: 1
  m_SortingLayerID: 2672064841
  m_SortingOrder: 0
  m_Sprite: {fileID: 21300000, guid: 571b760675016ba4d9cfc179c3d4def1, type: 3}
  m_Color: {r: 1, g: 1, b: 1, a: 1}
--- !u!4 &503223883
Transform:
  m_ObjectHideFlags: 0
  m_PrefabParentObject: {fileID: 0}
  m_PrefabInternal: {fileID: 0}
  m_GameObject: {fileID: 503223880}
  m_LocalRotation: {x: 0, y: 0, z: 0, w: 1}
  m_LocalPosition: {x: 385.113678, y: 25.6940823, z: 0}
  m_LocalScale: {x: 1.24511719, y: 1.24511719, z: 1.24511719}
  m_Children: []
  m_Father: {fileID: 2077323260}
  m_RootOrder: 2
--- !u!1 &663016990
GameObject:
  m_ObjectHideFlags: 0
  m_PrefabParentObject: {fileID: 0}
  m_PrefabInternal: {fileID: 0}
  serializedVersion: 4
  m_Component:
  - 4: {fileID: 663016991}
  - 20: {fileID: 663016993}
  - 114: {fileID: 663016992}
  m_Layer: 8
  m_Name: Camera
  m_TagString: Untagged
  m_Icon: {fileID: 0}
  m_NavMeshLayer: 0
  m_StaticEditorFlags: 0
  m_IsActive: 1
--- !u!4 &663016991
Transform:
  m_ObjectHideFlags: 0
  m_PrefabParentObject: {fileID: 0}
  m_PrefabInternal: {fileID: 0}
  m_GameObject: {fileID: 663016990}
  m_LocalRotation: {x: 0, y: 0, z: 0, w: 1}
  m_LocalPosition: {x: 0, y: 0, z: 0}
  m_LocalScale: {x: 1, y: 1, z: 1}
  m_Children: []
  m_Father: {fileID: 1415711492}
  m_RootOrder: 0
--- !u!114 &663016992
MonoBehaviour:
  m_ObjectHideFlags: 0
  m_PrefabParentObject: {fileID: 0}
  m_PrefabInternal: {fileID: 0}
  m_GameObject: {fileID: 663016990}
  m_Enabled: 1
  m_EditorHideFlags: 0
  m_Script: {fileID: 11500000, guid: 2a92b5d748695fd44aac9feef17ba415, type: 3}
  m_Name: 
  m_EditorClassIdentifier: 
  eventType: 1
  eventReceiverMask:
    serializedVersion: 2
    m_Bits: 4294967295
  debug: 0
  useMouse: 1
  useTouch: 1
  allowMultiTouch: 1
  useKeyboard: 1
  useController: 1
  stickyTooltip: 1
  tooltipDelay: 1
  mouseDragThreshold: 4
  mouseClickThreshold: 10
  touchDragThreshold: 40
  touchClickThreshold: 40
  rangeDistance: -1
  scrollAxisName: Mouse ScrollWheel
  verticalAxisName: Vertical
  horizontalAxisName: Horizontal
  submitKey0: 13
  submitKey1: 330
  cancelKey0: 27
  cancelKey1: 331
--- !u!20 &663016993
Camera:
  m_ObjectHideFlags: 0
  m_PrefabParentObject: {fileID: 0}
  m_PrefabInternal: {fileID: 0}
  m_GameObject: {fileID: 663016990}
  m_Enabled: 1
  serializedVersion: 2
  m_ClearFlags: 3
  m_BackGroundColor: {r: .5, g: .5, b: .5, a: 1}
  m_NormalizedViewPortRect:
    serializedVersion: 2
    x: 0
    y: 0
    width: 1
    height: 1
  near clip plane: -10
  far clip plane: 10
  field of view: 60
  orthographic: 1
  orthographic size: 1
  m_Depth: 1
  m_CullingMask:
    serializedVersion: 2
    m_Bits: 256
  m_RenderingPath: -1
  m_TargetTexture: {fileID: 0}
  m_TargetDisplay: 0
  m_HDR: 0
  m_OcclusionCulling: 1
  m_StereoConvergence: 10
  m_StereoSeparation: .0219999999
--- !u!1 &766779596
GameObject:
  m_ObjectHideFlags: 0
  m_PrefabParentObject: {fileID: 0}
  m_PrefabInternal: {fileID: 0}
  serializedVersion: 4
  m_Component:
  - 4: {fileID: 766779597}
  - 212: {fileID: 766779598}
  m_Layer: 9
  m_Name: BackGround
  m_TagString: Untagged
  m_Icon: {fileID: 0}
  m_NavMeshLayer: 0
  m_StaticEditorFlags: 0
  m_IsActive: 1
--- !u!4 &766779597
Transform:
  m_ObjectHideFlags: 0
  m_PrefabParentObject: {fileID: 0}
  m_PrefabInternal: {fileID: 0}
  m_GameObject: {fileID: 766779596}
  m_LocalRotation: {x: 0, y: 0, z: 0, w: 1}
  m_LocalPosition: {x: 0, y: 0, z: 0}
  m_LocalScale: {x: 1, y: 1, z: 1}
  m_Children: []
  m_Father: {fileID: 2077323260}
  m_RootOrder: 0
--- !u!212 &766779598
SpriteRenderer:
  m_ObjectHideFlags: 0
  m_PrefabParentObject: {fileID: 0}
  m_PrefabInternal: {fileID: 0}
  m_GameObject: {fileID: 766779596}
  m_Enabled: 1
  m_CastShadows: 0
  m_ReceiveShadows: 0
  m_LightmapIndex: 255
  m_LightmapTilingOffset: {x: 1, y: 1, z: 0, w: 0}
  m_Materials:
  - {fileID: 10754, guid: 0000000000000000e000000000000000, type: 0}
  m_SubsetIndices: 
  m_StaticBatchRoot: {fileID: 0}
  m_UseLightProbes: 0
  m_LightProbeAnchor: {fileID: 0}
  m_ScaleInLightmap: 1
  m_SortingLayerID: 0
  m_SortingOrder: 0
  m_Sprite: {fileID: 21300000, guid: 2681f3f8d510e6547b8580f3263bb597, type: 3}
  m_Color: {r: 1, g: 1, b: 1, a: 1}
--- !u!1 &882864598
GameObject:
  m_ObjectHideFlags: 0
  m_PrefabParentObject: {fileID: 0}
  m_PrefabInternal: {fileID: 0}
  serializedVersion: 4
  m_Component:
  - 4: {fileID: 882864603}
  - 20: {fileID: 882864602}
  - 92: {fileID: 882864601}
  - 124: {fileID: 882864600}
  - 81: {fileID: 882864599}
  m_Layer: 0
  m_Name: Main Camera
  m_TagString: MainCamera
  m_Icon: {fileID: 0}
  m_NavMeshLayer: 0
  m_StaticEditorFlags: 0
  m_IsActive: 0
--- !u!81 &882864599
AudioListener:
  m_ObjectHideFlags: 0
  m_PrefabParentObject: {fileID: 0}
  m_PrefabInternal: {fileID: 0}
  m_GameObject: {fileID: 882864598}
  m_Enabled: 1
--- !u!124 &882864600
Behaviour:
  m_ObjectHideFlags: 0
  m_PrefabParentObject: {fileID: 0}
  m_PrefabInternal: {fileID: 0}
  m_GameObject: {fileID: 882864598}
  m_Enabled: 1
--- !u!92 &882864601
Behaviour:
  m_ObjectHideFlags: 0
  m_PrefabParentObject: {fileID: 0}
  m_PrefabInternal: {fileID: 0}
  m_GameObject: {fileID: 882864598}
  m_Enabled: 1
--- !u!20 &882864602
Camera:
  m_ObjectHideFlags: 0
  m_PrefabParentObject: {fileID: 0}
  m_PrefabInternal: {fileID: 0}
  m_GameObject: {fileID: 882864598}
  m_Enabled: 1
  serializedVersion: 2
  m_ClearFlags: 2
  m_BackGroundColor: {r: .192156866, g: .301960796, b: .474509805, a: .0196078438}
  m_NormalizedViewPortRect:
    serializedVersion: 2
    x: 0
    y: 0
    width: 1
    height: 1
  near clip plane: .300000012
  far clip plane: 1000
  field of view: 60
  orthographic: 0
  orthographic size: 5
  m_Depth: -1
  m_CullingMask:
    serializedVersion: 2
    m_Bits: 4294967039
  m_RenderingPath: -1
  m_TargetTexture: {fileID: 0}
  m_TargetDisplay: 0
  m_HDR: 0
  m_OcclusionCulling: 1
  m_StereoConvergence: 10
  m_StereoSeparation: .0219999999
--- !u!4 &882864603
Transform:
  m_ObjectHideFlags: 0
  m_PrefabParentObject: {fileID: 0}
  m_PrefabInternal: {fileID: 0}
  m_GameObject: {fileID: 882864598}
  m_LocalRotation: {x: 0, y: 0, z: 0, w: 1}
  m_LocalPosition: {x: 0, y: 1, z: -10}
  m_LocalScale: {x: 1, y: 1, z: 1}
  m_Children: []
  m_Father: {fileID: 0}
  m_RootOrder: 0
--- !u!1 &934129372
GameObject:
  m_ObjectHideFlags: 0
  m_PrefabParentObject: {fileID: 100000, guid: dff575fad93794f8ab61dc9088e93f0e, type: 2}
  m_PrefabInternal: {fileID: 0}
  serializedVersion: 4
  m_Component:
  - 4: {fileID: 934129373}
  - 95: {fileID: 934129374}
  - 114: {fileID: 934129376}
  - 212: {fileID: 934129377}
  m_Layer: 9
  m_Name: Covertag
  m_TagString: Untagged
  m_Icon: {fileID: 0}
  m_NavMeshLayer: 0
  m_StaticEditorFlags: 0
  m_IsActive: 1
--- !u!4 &934129373
Transform:
  m_ObjectHideFlags: 0
  m_PrefabParentObject: {fileID: 400000, guid: dff575fad93794f8ab61dc9088e93f0e, type: 2}
  m_PrefabInternal: {fileID: 0}
  m_GameObject: {fileID: 934129372}
  m_LocalRotation: {x: 0, y: 0, z: 0, w: 1}
  m_LocalPosition: {x: 514.201294, y: 934.548218, z: 0}
  m_LocalScale: {x: 1.45000017, y: 1.45000017, z: 1}
  m_Children: []
  m_Father: {fileID: 2077323260}
  m_RootOrder: 1
--- !u!95 &934129374
Animator:
  serializedVersion: 3
  m_ObjectHideFlags: 0
  m_PrefabParentObject: {fileID: 9500000, guid: dff575fad93794f8ab61dc9088e93f0e,
    type: 2}
  m_PrefabInternal: {fileID: 0}
  m_GameObject: {fileID: 934129372}
  m_Enabled: 1
  m_Avatar: {fileID: 0}
  m_Controller: {fileID: 9100000, guid: bd88d428366ffbc409b6491e62738488, type: 2}
  m_CullingMode: 0
  m_UpdateMode: 0
  m_ApplyRootMotion: 1
  m_HasTransformHierarchy: 1
  m_AllowConstantClipSamplingOptimization: 1
--- !u!114 &934129376
MonoBehaviour:
  m_ObjectHideFlags: 0
  m_PrefabParentObject: {fileID: 0}
  m_PrefabInternal: {fileID: 0}
  m_GameObject: {fileID: 934129372}
  m_Enabled: 1
  m_EditorHideFlags: 0
  m_Script: {fileID: 11500000, guid: dd1fae325018f374b95094666ad78ff7, type: 3}
  m_Name: 
  m_EditorClassIdentifier: 
--- !u!212 &934129377
SpriteRenderer:
  m_ObjectHideFlags: 0
  m_PrefabParentObject: {fileID: 0}
  m_PrefabInternal: {fileID: 0}
  m_GameObject: {fileID: 934129372}
  m_Enabled: 1
  m_CastShadows: 0
  m_ReceiveShadows: 0
  m_LightmapIndex: 255
  m_LightmapTilingOffset: {x: 1, y: 1, z: 0, w: 0}
  m_Materials:
  - {fileID: 10754, guid: 0000000000000000e000000000000000, type: 0}
  m_SubsetIndices: 
  m_StaticBatchRoot: {fileID: 0}
  m_UseLightProbes: 0
  m_LightProbeAnchor: {fileID: 0}
  m_ScaleInLightmap: 1
  m_SortingLayerID: 2672064841
  m_SortingOrder: 1
  m_Sprite: {fileID: 21300000, guid: e47a008546aa37d4390e5997a5c8caee, type: 3}
  m_Color: {r: 1, g: 1, b: 1, a: 1}
--- !u!1 &971697949
GameObject:
  m_ObjectHideFlags: 0
  m_PrefabParentObject: {fileID: 100002, guid: 7c3a28b051e872b448d4808cfcf9199c, type: 2}
  m_PrefabInternal: {fileID: 0}
  serializedVersion: 4
  m_Component:
  - 4: {fileID: 971697950}
  - 114: {fileID: 971697955}
  - 114: {fileID: 971697954}
  - 65: {fileID: 971697953}
  - 114: {fileID: 971697952}
  - 114: {fileID: 971697951}
  - 114: {fileID: 971697956}
  m_Layer: 8
  m_Name: playButton
  m_TagString: Untagged
  m_Icon: {fileID: 0}
  m_NavMeshLayer: 0
  m_StaticEditorFlags: 0
  m_IsActive: 1
--- !u!4 &971697950
Transform:
  m_ObjectHideFlags: 0
  m_PrefabParentObject: {fileID: 400002, guid: 7c3a28b051e872b448d4808cfcf9199c, type: 2}
  m_PrefabInternal: {fileID: 0}
  m_GameObject: {fileID: 971697949}
  m_LocalRotation: {x: 0, y: 0, z: 0, w: 1}
  m_LocalPosition: {x: -926, y: 358, z: 0}
  m_LocalScale: {x: 1, y: 1, z: 1}
  m_Children: []
  m_Father: {fileID: 1415711492}
  m_RootOrder: 1
--- !u!114 &971697951
MonoBehaviour:
  m_ObjectHideFlags: 0
  m_PrefabParentObject: {fileID: 0}
  m_PrefabInternal: {fileID: 0}
  m_GameObject: {fileID: 971697949}
  m_Enabled: 1
  m_EditorHideFlags: 0
  m_Script: {fileID: 11500000, guid: df9bfb5c080dac24cbbc6c9f595ed413, type: 3}
  m_Name: 
  m_EditorClassIdentifier: 
  mFPS: 24
  mPrefix: Play
  mLoop: 0
--- !u!114 &971697952
MonoBehaviour:
  m_ObjectHideFlags: 0
  m_PrefabParentObject: {fileID: 0}
  m_PrefabInternal: {fileID: 0}
  m_GameObject: {fileID: 971697949}
  m_Enabled: 1
  m_EditorHideFlags: 0
  m_Script: {fileID: 11500000, guid: ae72899dac1d6504ab5275a05bfca343, type: 3}
  m_Name: 
  m_EditorClassIdentifier: 
  NextScene: 2OpeningCeremony
  killAudio: 0
--- !u!65 &971697953
BoxCollider:
  m_ObjectHideFlags: 0
  m_PrefabParentObject: {fileID: 6500000, guid: 7c3a28b051e872b448d4808cfcf9199c,
    type: 2}
  m_PrefabInternal: {fileID: 0}
  m_GameObject: {fileID: 971697949}
  m_Material: {fileID: 0}
  m_IsTrigger: 1
  m_Enabled: 1
  serializedVersion: 2
  m_Size: {x: 1280, y: 420, z: 0}
  m_Center: {x: 0, y: 0, z: 0}
--- !u!114 &971697954
MonoBehaviour:
  m_ObjectHideFlags: 0
  m_PrefabParentObject: {fileID: 11400000, guid: 7c3a28b051e872b448d4808cfcf9199c,
    type: 2}
  m_PrefabInternal: {fileID: 0}
  m_GameObject: {fileID: 971697949}
  m_Enabled: 1
  m_EditorHideFlags: 0
  m_Script: {fileID: 11500000, guid: 1fdca5042b1d12a4890ec1bd4f04290d, type: 3}
  m_Name: 
  m_EditorClassIdentifier: 
  tweenTarget: {fileID: 971697949}
  hover: {r: 1, g: 1, b: 1, a: 1}
  pressed: {r: .996078432, g: .996078432, b: .996078432, a: 1}
  disabledColor: {r: .992156863, g: .992156863, b: .992156863, a: 1}
  duration: .200000003
  dragHighlight: 0
  hoverSprite: Play_00012
  pressedSprite: Down
  disabledSprite: Play_00012
  pixelSnap: 0
  onClick:
  - mTarget: {fileID: 971697952}
    mMethodName: OnSceneExit
    mParameters: []
    oneShot: 0
--- !u!114 &971697955
MonoBehaviour:
  m_ObjectHideFlags: 0
  m_PrefabParentObject: {fileID: 11400004, guid: 7c3a28b051e872b448d4808cfcf9199c,
    type: 2}
  m_PrefabInternal: {fileID: 0}
  m_GameObject: {fileID: 971697949}
  m_Enabled: 1
  m_EditorHideFlags: 0
  m_Script: {fileID: 11500000, guid: 1b3dc54f924693f41b5cbecb267e647a, type: 3}
  m_Name: 
  m_EditorClassIdentifier: 
  leftAnchor:
    target: {fileID: 0}
    relative: 0
    absolute: 0
  rightAnchor:
    target: {fileID: 0}
    relative: 1
    absolute: 0
  bottomAnchor:
    target: {fileID: 0}
    relative: 0
    absolute: 0
  topAnchor:
    target: {fileID: 0}
    relative: 1
    absolute: 0
  updateAnchors: 1
  mColor: {r: 1, g: 1, b: 1, a: 1}
  mPivot: 4
  mWidth: 1280
  mHeight: 420
  mDepth: 4
  autoResizeBoxCollider: 1
  hideIfOffScreen: 0
  keepAspectRatio: 0
  aspectRatio: 3.0476191
  mAtlas: {fileID: 11400000, guid: 3a9d4513fca3a3b4895e6b1778b628a8, type: 2}
  mSpriteName: Play_00012
  mType: 0
  mFillDirection: 4
  mFillAmount: 1
  mInvert: 0
  mFlip: 0
  mFillCenter: 1
  centerType: 1
  leftType: 1
  rightType: 1
  bottomType: 1
  topType: 1
--- !u!114 &971697956
MonoBehaviour:
  m_ObjectHideFlags: 0
  m_PrefabParentObject: {fileID: 0}
  m_PrefabInternal: {fileID: 0}
  m_GameObject: {fileID: 971697949}
  m_Enabled: 1
  m_EditorHideFlags: 0
  m_Script: {fileID: 11500000, guid: 7d44bc69c2ca5f943b845318866dc1bd, type: 3}
  m_Name: 
  m_EditorClassIdentifier: 
  audioClip: {fileID: 8300000, guid: 62ad2ebf73fc34e54a29e1d9131cfac4, type: 3}
  trigger: 0
  volume: 1
  pitch: 1
--- !u!1 &1288859393
GameObject:
  m_ObjectHideFlags: 0
  m_PrefabParentObject: {fileID: 0}
  m_PrefabInternal: {fileID: 0}
  serializedVersion: 4
  m_Component:
  - 4: {fileID: 1288859398}
  - 20: {fileID: 1288859397}
  - 124: {fileID: 1288859396}
  - 92: {fileID: 1288859395}
  - 81: {fileID: 1288859394}
  m_Layer: 0
  m_Name: SpriteCamera
  m_TagString: MainCamera
  m_Icon: {fileID: 0}
  m_NavMeshLayer: 0
  m_StaticEditorFlags: 0
  m_IsActive: 1
--- !u!81 &1288859394
AudioListener:
  m_ObjectHideFlags: 0
  m_PrefabParentObject: {fileID: 0}
  m_PrefabInternal: {fileID: 0}
  m_GameObject: {fileID: 1288859393}
  m_Enabled: 1
--- !u!92 &1288859395
Behaviour:
  m_ObjectHideFlags: 0
  m_PrefabParentObject: {fileID: 0}
  m_PrefabInternal: {fileID: 0}
  m_GameObject: {fileID: 1288859393}
  m_Enabled: 1
--- !u!124 &1288859396
Behaviour:
  m_ObjectHideFlags: 0
  m_PrefabParentObject: {fileID: 0}
  m_PrefabInternal: {fileID: 0}
  m_GameObject: {fileID: 1288859393}
  m_Enabled: 1
--- !u!20 &1288859397
Camera:
  m_ObjectHideFlags: 0
  m_PrefabParentObject: {fileID: 0}
  m_PrefabInternal: {fileID: 0}
  m_GameObject: {fileID: 1288859393}
  m_Enabled: 1
  serializedVersion: 2
  m_ClearFlags: 4
  m_BackGroundColor: {r: .192156866, g: .301960796, b: .474509805, a: .0196078438}
  m_NormalizedViewPortRect:
    serializedVersion: 2
    x: 0
    y: 0
    width: 1
    height: 1
  near clip plane: -10
  far clip plane: 10
  field of view: 60
  orthographic: 1
  orthographic size: 1
  m_Depth: 0
  m_CullingMask:
    serializedVersion: 2
    m_Bits: 512
  m_RenderingPath: -1
  m_TargetTexture: {fileID: 0}
  m_TargetDisplay: 0
  m_HDR: 0
  m_OcclusionCulling: 0
  m_StereoConvergence: 10
  m_StereoSeparation: .0219999999
--- !u!4 &1288859398
Transform:
  m_ObjectHideFlags: 0
  m_PrefabParentObject: {fileID: 0}
  m_PrefabInternal: {fileID: 0}
  m_GameObject: {fileID: 1288859393}
  m_LocalRotation: {x: 0, y: 0, z: 0, w: 1}
  m_LocalPosition: {x: 0, y: 0, z: 0}
  m_LocalScale: {x: 1, y: 1, z: 1}
  m_Children: []
  m_Father: {fileID: 2077323260}
  m_RootOrder: 3
--- !u!1 &1415711488
GameObject:
  m_ObjectHideFlags: 0
  m_PrefabParentObject: {fileID: 0}
  m_PrefabInternal: {fileID: 0}
  serializedVersion: 4
  m_Component:
  - 4: {fileID: 1415711492}
  - 114: {fileID: 1415711491}
  - 114: {fileID: 1415711490}
  - 54: {fileID: 1415711489}
  m_Layer: 8
  m_Name: UI Root
  m_TagString: Untagged
  m_Icon: {fileID: 0}
  m_NavMeshLayer: 0
  m_StaticEditorFlags: 0
  m_IsActive: 1
--- !u!54 &1415711489
Rigidbody:
  m_ObjectHideFlags: 0
  m_PrefabParentObject: {fileID: 0}
  m_PrefabInternal: {fileID: 0}
  m_GameObject: {fileID: 1415711488}
  serializedVersion: 2
  m_Mass: 1
  m_Drag: 0
  m_AngularDrag: .0500000007
  m_UseGravity: 0
  m_IsKinematic: 1
  m_Interpolate: 0
  m_Constraints: 0
  m_CollisionDetection: 0
--- !u!114 &1415711490
MonoBehaviour:
  m_ObjectHideFlags: 0
  m_PrefabParentObject: {fileID: 0}
  m_PrefabInternal: {fileID: 0}
  m_GameObject: {fileID: 1415711488}
  m_Enabled: 1
  m_EditorHideFlags: 0
  m_Script: {fileID: 11500000, guid: ae942c9068183dc40a9d01f648273726, type: 3}
  m_Name: 
  m_EditorClassIdentifier: 
  leftAnchor:
    target: {fileID: 0}
    relative: 0
    absolute: 0
  rightAnchor:
    target: {fileID: 0}
    relative: 1
    absolute: 0
  bottomAnchor:
    target: {fileID: 0}
    relative: 0
    absolute: 0
  topAnchor:
    target: {fileID: 0}
    relative: 1
    absolute: 0
  updateAnchors: 1
  showInPanelTool: 1
  generateNormals: 0
  widgetsAreStatic: 0
  cullWhileDragging: 0
  alwaysOnScreen: 0
  anchorOffset: 0
  renderQueue: 0
  startingRenderQueue: 3000
  mAlpha: 1
  mClipping: 0
  mClipRange: {x: 0, y: 0, z: 300, w: 200}
  mClipSoftness: {x: 4, y: 4}
  mDepth: 0
  mSortingOrder: 0
  mClipOffset: {x: 0, y: 0}
--- !u!114 &1415711491
MonoBehaviour:
  m_ObjectHideFlags: 0
  m_PrefabParentObject: {fileID: 0}
  m_PrefabInternal: {fileID: 0}
  m_GameObject: {fileID: 1415711488}
  m_Enabled: 1
  m_EditorHideFlags: 0
  m_Script: {fileID: 11500000, guid: 2c5ecb5660b11414fb042fb826e03b73, type: 3}
  m_Name: 
  m_EditorClassIdentifier: 
  scalingStyle: 0
  manualHeight: 768
  minimumHeight: 1536
  maximumHeight: 1536
  adjustByDPI: 0
  shrinkPortraitUI: 0
--- !u!4 &1415711492
Transform:
  m_ObjectHideFlags: 0
  m_PrefabParentObject: {fileID: 0}
  m_PrefabInternal: {fileID: 0}
  m_GameObject: {fileID: 1415711488}
  m_LocalRotation: {x: 0, y: 0, z: 0, w: 1}
  m_LocalPosition: {x: 0, y: 0, z: 0}
  m_LocalScale: {x: .00130208337, y: .00130208337, z: .00130208337}
  m_Children:
  - {fileID: 663016991}
  - {fileID: 971697950}
  - {fileID: 281246571}
  - {fileID: 14948349}
  - {fileID: 1866035766}
  - {fileID: 1729950969}
  - {fileID: 1531846164}
  m_Father: {fileID: 0}
  m_RootOrder: 3
--- !u!1 &1531846163
GameObject:
  m_ObjectHideFlags: 0
  m_PrefabParentObject: {fileID: 0}
  m_PrefabInternal: {fileID: 0}
  serializedVersion: 4
  m_Component:
  - 4: {fileID: 1531846164}
  - 114: {fileID: 1531846166}
  - 54: {fileID: 1531846165}
  m_Layer: 8
  m_Name: SpritePanel
  m_TagString: Untagged
  m_Icon: {fileID: 0}
  m_NavMeshLayer: 0
  m_StaticEditorFlags: 0
  m_IsActive: 1
--- !u!4 &1531846164
Transform:
  m_ObjectHideFlags: 0
  m_PrefabParentObject: {fileID: 0}
  m_PrefabInternal: {fileID: 0}
  m_GameObject: {fileID: 1531846163}
  m_LocalRotation: {x: 0, y: 0, z: 0, w: 1}
  m_LocalPosition: {x: 0, y: 0, z: 0}
  m_LocalScale: {x: .999935985, y: .999935985, z: .999935985}
  m_Children: []
  m_Father: {fileID: 1415711492}
  m_RootOrder: 6
--- !u!54 &1531846165
Rigidbody:
  m_ObjectHideFlags: 0
  m_PrefabParentObject: {fileID: 0}
  m_PrefabInternal: {fileID: 0}
  m_GameObject: {fileID: 1531846163}
  serializedVersion: 2
  m_Mass: 1
  m_Drag: 0
  m_AngularDrag: .0500000007
  m_UseGravity: 0
  m_IsKinematic: 1
  m_Interpolate: 0
  m_Constraints: 0
  m_CollisionDetection: 0
--- !u!114 &1531846166
MonoBehaviour:
  m_ObjectHideFlags: 0
  m_PrefabParentObject: {fileID: 0}
  m_PrefabInternal: {fileID: 0}
  m_GameObject: {fileID: 1531846163}
  m_Enabled: 1
  m_EditorHideFlags: 0
  m_Script: {fileID: 11500000, guid: ae942c9068183dc40a9d01f648273726, type: 3}
  m_Name: 
  m_EditorClassIdentifier: 
  leftAnchor:
    target: {fileID: 0}
    relative: 0
    absolute: 0
  rightAnchor:
    target: {fileID: 0}
    relative: 1
    absolute: 0
  bottomAnchor:
    target: {fileID: 0}
    relative: 0
    absolute: 0
  topAnchor:
    target: {fileID: 0}
    relative: 1
    absolute: 0
  updateAnchors: 1
  showInPanelTool: 1
  generateNormals: 0
  widgetsAreStatic: 0
  cullWhileDragging: 0
  alwaysOnScreen: 0
  anchorOffset: 0
  renderQueue: 0
  startingRenderQueue: 3000
  mAlpha: 1
  mClipping: 0
  mClipRange: {x: 0, y: 0, z: 300, w: 200}
  mClipSoftness: {x: 4, y: 4}
  mDepth: -1
  mSortingOrder: 0
  mClipOffset: {x: 0, y: 0}
--- !u!1 &1729950968
GameObject:
  m_ObjectHideFlags: 0
  m_PrefabParentObject: {fileID: 0}
  m_PrefabInternal: {fileID: 0}
  serializedVersion: 4
  m_Component:
  - 4: {fileID: 1729950969}
  - 114: {fileID: 1729950971}
  - 54: {fileID: 1729950970}
  m_Layer: 8
  m_Name: SpritePanel
  m_TagString: Untagged
  m_Icon: {fileID: 0}
  m_NavMeshLayer: 0
  m_StaticEditorFlags: 0
  m_IsActive: 1
--- !u!4 &1729950969
Transform:
  m_ObjectHideFlags: 0
  m_PrefabParentObject: {fileID: 0}
  m_PrefabInternal: {fileID: 0}
  m_GameObject: {fileID: 1729950968}
  m_LocalRotation: {x: 0, y: 0, z: 0, w: 1}
  m_LocalPosition: {x: 0, y: 0, z: 0}
  m_LocalScale: {x: 1, y: 1, z: 1}
  m_Children:
  - {fileID: 1938860437}
  m_Father: {fileID: 1415711492}
  m_RootOrder: 5
--- !u!54 &1729950970
Rigidbody:
  m_ObjectHideFlags: 0
  m_PrefabParentObject: {fileID: 0}
  m_PrefabInternal: {fileID: 0}
  m_GameObject: {fileID: 1729950968}
  serializedVersion: 2
  m_Mass: 1
  m_Drag: 0
  m_AngularDrag: .0500000007
  m_UseGravity: 0
  m_IsKinematic: 1
  m_Interpolate: 0
  m_Constraints: 0
  m_CollisionDetection: 0
--- !u!114 &1729950971
MonoBehaviour:
  m_ObjectHideFlags: 0
  m_PrefabParentObject: {fileID: 0}
  m_PrefabInternal: {fileID: 0}
  m_GameObject: {fileID: 1729950968}
  m_Enabled: 1
  m_EditorHideFlags: 0
  m_Script: {fileID: 11500000, guid: ae942c9068183dc40a9d01f648273726, type: 3}
  m_Name: 
  m_EditorClassIdentifier: 
  leftAnchor:
    target: {fileID: 0}
    relative: 0
    absolute: 0
  rightAnchor:
    target: {fileID: 0}
    relative: 1
    absolute: 0
  bottomAnchor:
    target: {fileID: 0}
    relative: 0
    absolute: 0
  topAnchor:
    target: {fileID: 0}
    relative: 1
    absolute: 0
  updateAnchors: 1
  showInPanelTool: 1
  generateNormals: 0
  widgetsAreStatic: 0
  cullWhileDragging: 0
  alwaysOnScreen: 0
  anchorOffset: 0
  renderQueue: 0
  startingRenderQueue: 3000
  mAlpha: 1
  mClipping: 0
  mClipRange: {x: 0, y: 0, z: 300, w: 200}
  mClipSoftness: {x: 4, y: 4}
  mDepth: -2
  mSortingOrder: 0
  mClipOffset: {x: 0, y: 0}
--- !u!1 &1866035765
GameObject:
  m_ObjectHideFlags: 0
  m_PrefabParentObject: {fileID: 0}
  m_PrefabInternal: {fileID: 0}
  serializedVersion: 4
  m_Component:
  - 4: {fileID: 1866035766}
  - 95: {fileID: 1866035768}
  - 114: {fileID: 1866035767}
  - 114: {fileID: 1866035769}
  m_Layer: 8
  m_Name: Sprite_bird_NGUI
  m_TagString: Untagged
  m_Icon: {fileID: 0}
  m_NavMeshLayer: 0
  m_StaticEditorFlags: 0
  m_IsActive: 0
--- !u!4 &1866035766
Transform:
  m_ObjectHideFlags: 0
  m_PrefabParentObject: {fileID: 0}
  m_PrefabInternal: {fileID: 0}
  m_GameObject: {fileID: 1866035765}
  m_LocalRotation: {x: 0, y: 0, z: 0, w: 1}
  m_LocalPosition: {x: 426, y: 3, z: 0}
  m_LocalScale: {x: 5.03125, y: 5.03125, z: 1}
  m_Children: []
  m_Father: {fileID: 1415711492}
  m_RootOrder: 4
--- !u!114 &1866035767
MonoBehaviour:
  m_ObjectHideFlags: 0
  m_PrefabParentObject: {fileID: 0}
  m_PrefabInternal: {fileID: 0}
  m_GameObject: {fileID: 1866035765}
  m_Enabled: 1
  m_EditorHideFlags: 0
  m_Script: {fileID: 11500000, guid: e96b31ce75e592f45a1cff563a4869db, type: 3}
  m_Name: 
  m_EditorClassIdentifier: 
  leftAnchor:
    target: {fileID: 0}
    relative: 0
    absolute: 0
  rightAnchor:
    target: {fileID: 0}
    relative: 1
    absolute: 0
  bottomAnchor:
    target: {fileID: 0}
    relative: 0
    absolute: 0
  topAnchor:
    target: {fileID: 0}
    relative: 1
    absolute: 0
  updateAnchors: 1
  mColor: {r: 1, g: 1, b: 1, a: 1}
  mPivot: 4
  mWidth: 236
  mHeight: 112
  mDepth: 1
  autoResizeBoxCollider: 0
  hideIfOffScreen: 0
  keepAspectRatio: 0
  aspectRatio: 2.10714293
  mSprite: {fileID: 21300000, guid: 176eba932f95b8948b890c517d5fde34, type: 3}
  mMat: {fileID: 10754, guid: 0000000000000000e000000000000000, type: 0}
  mShader: {fileID: 4800000, guid: e75727d9555d9d14ca51d91908c681bc, type: 3}
  nextSprite: {fileID: 0}
--- !u!95 &1866035768
Animator:
  serializedVersion: 3
  m_ObjectHideFlags: 0
  m_PrefabParentObject: {fileID: 0}
  m_PrefabInternal: {fileID: 0}
  m_GameObject: {fileID: 1866035765}
  m_Enabled: 1
  m_Avatar: {fileID: 0}
  m_Controller: {fileID: 9100000, guid: 64228181d0b3d634bba7923f8ab265a6, type: 2}
  m_CullingMode: 0
  m_UpdateMode: 0
  m_ApplyRootMotion: 1
  m_HasTransformHierarchy: 1
  m_AllowConstantClipSamplingOptimization: 1
--- !u!114 &1866035769
MonoBehaviour:
  m_ObjectHideFlags: 0
  m_PrefabParentObject: {fileID: 0}
  m_PrefabInternal: {fileID: 0}
  m_GameObject: {fileID: 1866035765}
  m_Enabled: 1
  m_EditorHideFlags: 0
  m_Script: {fileID: 11500000, guid: c7940e3f2efd5450998af26b27834d98, type: 3}
  m_Name: 
  m_EditorClassIdentifier: 
--- !u!1 &1938860436
GameObject:
  m_ObjectHideFlags: 0
  m_PrefabParentObject: {fileID: 0}
  m_PrefabInternal: {fileID: 0}
  serializedVersion: 4
  m_Component:
  - 4: {fileID: 1938860437}
  - 114: {fileID: 1938860439}
  - 114: {fileID: 1938860438}
  m_Layer: 8
  m_Name: Texture
  m_TagString: Untagged
  m_Icon: {fileID: 0}
  m_NavMeshLayer: 0
  m_StaticEditorFlags: 0
  m_IsActive: 0
--- !u!4 &1938860437
Transform:
  m_ObjectHideFlags: 0
  m_PrefabParentObject: {fileID: 0}
  m_PrefabInternal: {fileID: 0}
  m_GameObject: {fileID: 1938860436}
  m_LocalRotation: {x: 0, y: 0, z: 0, w: 1}
  m_LocalPosition: {x: 0, y: 0, z: 0}
  m_LocalScale: {x: 1, y: 1, z: 1}
  m_Children: []
  m_Father: {fileID: 1729950969}
  m_RootOrder: 0
--- !u!114 &1938860438
MonoBehaviour:
  m_ObjectHideFlags: 0
  m_PrefabParentObject: {fileID: 0}
  m_PrefabInternal: {fileID: 0}
  m_GameObject: {fileID: 1938860436}
  m_Enabled: 1
  m_EditorHideFlags: 0
  m_Script: {fileID: 11500000, guid: 94b5bd8d2e1bcbe4580036799fb6ca41, type: 3}
  m_Name: 
  m_EditorClassIdentifier: 
  uiCamera: {fileID: 663016993}
  container: {fileID: 0}
  style: 3
  runOnlyOnce: 1
  relativeSize: {x: 1, y: 1}
  initialSize: {x: 1, y: 1}
  borderPadding: {x: 0, y: 0}
  widgetContainer: {fileID: 0}
--- !u!114 &1938860439
MonoBehaviour:
  m_ObjectHideFlags: 0
  m_PrefabParentObject: {fileID: 0}
  m_PrefabInternal: {fileID: 0}
  m_GameObject: {fileID: 1938860436}
  m_Enabled: 1
  m_EditorHideFlags: 0
  m_Script: {fileID: 11500000, guid: d5c5ca47aa5c01740810b7c66662099f, type: 3}
  m_Name: 
  m_EditorClassIdentifier: 
  leftAnchor:
    target: {fileID: 0}
    relative: 0
    absolute: 0
  rightAnchor:
    target: {fileID: 0}
    relative: 1
    absolute: 0
  bottomAnchor:
    target: {fileID: 0}
    relative: 0
    absolute: 0
  topAnchor:
    target: {fileID: 0}
    relative: 1
    absolute: 0
  updateAnchors: 1
  mColor: {r: 1, g: 1, b: 1, a: 1}
  mPivot: 4
  mWidth: 2048
  mHeight: 1536
  mDepth: -2
  autoResizeBoxCollider: 0
  hideIfOffScreen: 0
  keepAspectRatio: 0
  aspectRatio: 1.33333337
  mRect:
    serializedVersion: 2
    x: 0
    y: 0
    width: 1
    height: 1
  mTexture: {fileID: 2800000, guid: 2681f3f8d510e6547b8580f3263bb597, type: 3}
  mMat: {fileID: 0}
  mShader: {fileID: 4800000, guid: e75727d9555d9d14ca51d91908c681bc, type: 3}
  mFlip: 0
--- !u!1 &2052841823
GameObject:
  m_ObjectHideFlags: 0
  m_PrefabParentObject: {fileID: 0}
  m_PrefabInternal: {fileID: 0}
  serializedVersion: 4
  m_Component:
  - 4: {fileID: 2052841825}
  - 114: {fileID: 2052841824}
  m_Layer: 0
  m_Name: SplashScreenController
  m_TagString: SplashScreenController
  m_Icon: {fileID: 0}
  m_NavMeshLayer: 0
  m_StaticEditorFlags: 0
  m_IsActive: 1
--- !u!114 &2052841824
MonoBehaviour:
  m_ObjectHideFlags: 0
  m_PrefabParentObject: {fileID: 0}
  m_PrefabInternal: {fileID: 0}
  m_GameObject: {fileID: 2052841823}
  m_Enabled: 1
  m_EditorHideFlags: 0
  m_Script: {fileID: 11500000, guid: 7c40265db5d07734a9ba3a3a56ba8e32, type: 3}
  m_Name: 
  m_EditorClassIdentifier: 
  splashPanels: []
--- !u!4 &2052841825
Transform:
  m_ObjectHideFlags: 0
  m_PrefabParentObject: {fileID: 0}
  m_PrefabInternal: {fileID: 0}
  m_GameObject: {fileID: 2052841823}
  m_LocalRotation: {x: 0, y: 0, z: 0, w: 1}
  m_LocalPosition: {x: 0, y: 0, z: 0}
  m_LocalScale: {x: 1, y: 1, z: 1}
  m_Children: []
  m_Father: {fileID: 0}
  m_RootOrder: 1
--- !u!1 &2077323259
GameObject:
  m_ObjectHideFlags: 0
  m_PrefabParentObject: {fileID: 0}
  m_PrefabInternal: {fileID: 0}
  serializedVersion: 4
  m_Component:
  - 4: {fileID: 2077323260}
  m_Layer: 0
  m_Name: SpriteRoot
  m_TagString: Untagged
  m_Icon: {fileID: 0}
  m_NavMeshLayer: 0
  m_StaticEditorFlags: 0
  m_IsActive: 1
--- !u!4 &2077323260
Transform:
  m_ObjectHideFlags: 0
  m_PrefabParentObject: {fileID: 0}
  m_PrefabInternal: {fileID: 0}
  m_GameObject: {fileID: 2077323259}
  m_LocalRotation: {x: 0, y: 0, z: 0, w: 1}
  m_LocalPosition: {x: 0, y: 0, z: 0}
  m_LocalScale: {x: .00130208326, y: .00130208326, z: .00130208326}
  m_Children:
  - {fileID: 766779597}
  - {fileID: 934129373}
  - {fileID: 503223883}
  - {fileID: 1288859398}
  m_Father: {fileID: 0}
  m_RootOrder: 2
